@article{f4,
    author = "Faugère J. C.",
    title = "A new efficient algorithm for computing Gröbner bases (F4)",
    journal = "Journal of Pure and Applied Algebra",
    volume = "139",
    number = "1 - 3",
    pages = "61 -- 88",
    year = "1999"
}

@article{f5,
    author = "Faugère J. C.",
    title = "A new efficient algorithm for computing Gröbner bases without reduction to zero (F5)",
    journal = "ISSAC ’02: Proceedings of the 2002 international symposium on Symbolic and Algebraic Computation",
    pages = "75 -- 83",
    year = "2002"
}

@article{g2v,
    author = "Gao S., Guan Y. and Volny Iv F.",
    title = "A new incremental algorithm for computing Gröbner bases",
    journal = "ISSAC’10: Proceedings of the 2010 International Symposium on Symbolic and Algebraic Computation",
    pages = "13 -- 19",
    year = "2010"
}


@article{gvw,
    author = "Gao S., Wang M. and Volny Iv F.",
    title = "A new algorithm for computing Gröbner bases",
}

@phdthesis{buchberger,
    author = "Buchberger B.",
    title = "Ein Algorithmus zum Auffinden der Basiselemente des Restklassenringes nach einem nulldimensionalen Polynomideal.",
    school = "Leopold-Franzens University",
    year = "1965"
}

@article{tate,
    author = "Caruso X., Vaccon T. and Verron T.",
    title = "Signature-based algorithms for Gröbner bases over Tate algebras",
    journal = "ISSAC’20: Proceedings of the 45th International Symposium on Symbolic and Algebraic Computation",
    pages = "70 -- 77",
    year = "2020"
}

@article{termination,
    author = "Pan S., Hu Y. and Wang B.",
    title = "The Termination of Algorithms for Computing Gröbner Bases",
    year = "2012"
}

@article{mora,
    author = "Mora T.",
    title = "An introduction to commutative and noncommutative Gröbner bases",
    journal = "Theoretical Computer Science",
    volume = "134",
    number = "1",
    pages = "131 -- 173",
    year = "1994"
}

@article{noncom,
    author = "Hofstadler C. and Verron T.",
    title = "Signature Gröbner bases, bases of syzygies and cofactor reconstruction in the free algebra"
}
